


@Article{randomForest,
  title = {{Classification and Regression by randomForest}},
  author = {Andy Liaw and Matthew Wiener},
  journal = {R News},
  year = {2002},
  volume = {2},
  number = {3},
  pages = {18-22},
  url = {http://CRAN.R-project.org/doc/Rnews/},
}



@incollection{rasmussen2004gaussian,
  title={Gaussian processes in machine learning},
  author={Rasmussen, Carl Edward},
  booktitle={Advanced lectures on machine learning},
  pages={63--71},
  year={2004},
  publisher={Springer}
}


@Manual{caret,
  title = {{caret: Classification and Regression Training}},
  author = {Max Kuhn and Jed Wing and Steve Weston and Andre Williams and Chris Keefer and Allan Engelhardt and Tony Cooper and Zachary Mayer and Brenton Kenkel and the R Core Team and Michael Benesty and Reynald Lescarbeau and Andrew Ziem and Luca Scrucca and Yuan Tang and Can Candan and Tyler Hunt.},
  year = {2017},
  note = {R package version 6.0-76},
  url = {https://CRAN.R-project.org/package=caret},
}

@article{wright2015ranger,
  title={Ranger: a fast implementation of random forests for high dimensional data in C++ and R},
  author={Wright, Marvin N and Ziegler, Andreas},
  journal={arXiv preprint arXiv:1508.04409},
  year={2015}
}


@article{bhatt2017improved,
  title={Improved prediction accuracy for disease risk mapping using Gaussian process stacked generalization},
  author={Bhatt, Samir and Cameron, Ewan and Flaxman, Seth R and Weiss, Daniel J and Smith, David L and Gething, Peter W},
  journal={Journal of The Royal Society Interface},
  volume={14},
  number={134},
  pages={20170520},
  year={2017},
  publisher={The Royal Society}
}

@article{bland2015predicting,
  title={Predicting the conservation status of data-deficient species},
  author={Bland, Lucie M and Collen, BEN and Orme, C David L and Bielby, JON},
  journal={Conservation Biology},
  volume={29},
  number={1},
  pages={250--259},
  year={2015},
  publisher={Wiley Online Library}
}

@article{mac2018bat,
  title={Bat detective—Deep learning tools for bat acoustic signal detection},
  author={Mac Aodha, Oisin and Gibb, Rory and Barlow, Kate E and Browning, Ella and Firman, Michael and Freeman, Robin and Harder, Briana and Kinsey, Libby and Mead, Gary R and Newson, Stuart E and others},
  journal={PLoS computational biology},
  volume={14},
  number={3},
  pages={e1005995},
  year={2018},
  publisher={Public Library of Science}
}


@article{elith2006novel,
  title={Novel methods improve prediction of species’ distributions from occurrence data},
  author={Elith, Jane and Graham, Catherine H and Anderson, Robert P and Dud{\'\i}k, Miroslav and Ferrier, Simon and Guisan, Antoine and Hijmans, Robert J and Huettmann, Falk and Leathwick, John R and Lehmann, Anthony and others},
  journal={Ecography},
  volume={29},
  number={2},
  pages={129--151},
  year={2006},
  publisher={Wiley Online Library}
}

@article{golding2018zoon,
  title={The zoon R package for reproducible and shareable species distribution modelling},
  author={Golding, Nick and August, Tom A and Lucas, Tim CD and Gavaghan, David J and van Loon, E Emiel and McInerny, Greg},
  journal={Methods in Ecology and Evolution},
  volume={9},
  number={2},
  pages={260--268},
  year={2018},
  publisher={Wiley Online Library}
}

@article{browning2018predicting,
  title={Predicting animal behaviour using deep learning: GPS data alone accurately predict diving in seabirds},
  author={Browning, Ella and Bolton, Mark and Owen, Ellie and Shoji, Akiko and Guilford, Tim and Freeman, Robin},
  journal={Methods in Ecology and Evolution},
  volume={9},
  number={3},
  pages={681--692},
  year={2018},
  publisher={Wiley Online Library}
}

@article{olival2017host,
  title={Host and viral traits predict zoonotic spillover from mammals},
  author={Olival, Kevin J and Hosseini, Parviez R and Zambrana-Torrelio, Carlos and Ross, Noam and Bogich, Tiffany L and Daszak, Peter},
  journal={Nature},
  volume={546},
  number={7660},
  pages={646--650},
  year={2017},
  publisher={Nature Research}
}

@article{chipman2010bart,
  title={BART: Bayesian additive regression trees},
  author={Chipman, Hugh A and George, Edward I and McCulloch, Robert E and others},
  journal={The Annals of Applied Statistics},
  volume={4},
  number={1},
  pages={266--298},
  year={2010},
  publisher={Institute of Mathematical Statistics}
}



@article{zou2005regularization, title={Regularization and variable selection via the elastic net},
  author={Zou, Hui and Hastie, Trevor},
  journal={Journal of the Royal Statistical Society: Series B (Statistical Methodology)},
  volume={67},
  number={2},
  pages={301--320},
  year={2005},
  publisher={Wiley Online Library} }

@article{park2008bayesian, title={The bayesian lasso},
  author={Park, Trevor and Casella, George},
  journal={Journal of the American Statistical Association},
  volume={103},
  number={482},
  pages={681--686},
  year={2008},
  publisher={Taylor \& Francis} }



@article{lyddon2018nonparametric, title={Nonparametric learning from Bayesian models with randomized objective functions},
  author={Lyddon, SP and Walker, SG and Holmes, Christopher C},
  journal={arXiv preprint arXiv:1806.11544},
  year={2018} }

@article{zhao2017causal, title={Causal interpretations of black-box models},
  author={Zhao, Qingyuan and Hastie, Trevor},
  journal={Journal of Business \& Economic Statistics, to appear. A DEPTH AND EXPOSURE TIME},
  year={2017} }



@book{molnar, title = {Interpretable Machine Learning},
  author = {Christoph Molnar},
  publisher = {https://christophm.github.io/interpretable-ml-book/},
  note = {\url{https://christophm.github.io/interpretable-ml-book/}},
  year = {2018} }

@article{eo2014tree, title={Tree-structured mixed-effects regression modeling for longitudinal data},
  author={Eo, Soo-Heang and Cho, HyungJun},
  journal={Journal of Computational and Graphical Statistics},
  volume={23},
  number={3},
  pages={740--760},
  year={2014},
  publisher={Taylor \& Francis} }


@article{hajjem2014mixed, title={Mixed-effects random forest for clustered data},
  author={Hajjem, Ahlem and Bellavance, Fran{\c{c}}ois and Larocque, Denis},
  journal={Journal of Statistical Computation and Simulation},
  volume={84},
  number={6},
  pages={1313--1328},
  year={2014},
  publisher={Taylor \& Francis} }

@article{hajjem2017generalized, title={Generalized mixed effects regression trees},
  author={Hajjem, Ahlem and Larocque, Denis and Bellavance, Fran{\c{c}}ois},
  journal={Statistics \& Probability Letters},
  volume={126},
  pages={114--118},
  year={2017},
  publisher={Elsevier} }

@article{miller2017gradient, title={A Gradient Boosting Machine for Hierarchically Clustered Data},
  author={Miller, Patrick J and McArtor, Daniel B and Lubke, Gitta H},
  journal={Multivariate behavioral research},
  volume={52},
  number={1},
  pages={117},
  year={2017},
  publisher={NIH Public Access} }
